@online{anleitung,
  author = {TU Dortmund},
  title = {Versuchsanleitung zu Versuch 27},
  url = {http://129.217.224.2/HOMEPAGE/PHYSIKER/BACHELOR/FP/SKRIPT/V27.pdf},
  urldate = {2018-05-29}
}
