@online{anleitung,
  author = {TU Dortmund},
  title = {Versuchsanleitung zu Versuch 47},
  url = {http://129.217.224.2/HOMEPAGE/PHYSIKER/BACHELOR/FP/SKRIPT/V47.pdf},
  urldate = {2018-05-16}
}
@online{aufbau,
  author = {TU Dortmund},
  title = {Versuchsaufbau zu Versuch 47},
  url = {http://129.217.224.2/HOMEPAGE/PHYSIKER/BACHELOR/FP/SKRIPT/V47b.pdf},
  urldate = {2018-05-16}
}
