@online{anleitung,
  author = {TU Dortmund},
  title = {Versuchsanleitung zu Versuch 14},
  url = {http://129.217.224.2/HOMEPAGE/PHYSIKER/BACHELOR/FP/SKRIPT/BTomographie.pdf},
  urldate = {2018-04-18}
}
@manual{koeff,
  url = {http://physics.nist.gov/PhysRefData/Xcom/html/xcom1.html},
  urldate={2018-04-26}
}
