@online{anleitung,
  author = {TU Dortmund},
  title = {Versuchsanleitung zu Versuch 01},
  url = {http://129.217.224.2/HOMEPAGE/PHYSIKER/BACHELOR/FP/SKRIPT/V01.pdf},
  urldate = {2018-06-10}
}
