@online{anleitung,
  author = {TU Dortmund},
  title = {Versuchsanleitung zu Versuch 46},
  url = {http://129.217.224.2/HOMEPAGE/PHYSIKER/BACHELOR/FP/SKRIPT/V46.pdf},
  urldate = {2018-05-06}
}
