@online{anleitung,
  author = {TU Dortmund},
  title = {Versuchsanleitung zu Versuch 47},
  url = {http://129.217.224.2/HOMEPAGE/PHYSIKER/BACHELOR/FP/SKRIPT/V47.pdf},
  urldate = {2018-05-20}
}
@Misc{mathematica,
  author    = {Wolfram Research, Inc.},
  title     = {Mathematica},
  publisher = {Wolfram Research Inc., Champaign Illinois},
  year      = {2015},
  addendum  = {Version 10.3}
}
@book{kittel,
  author = {Charles Kittel},
  title = {Introduction to Solid State Physics},
  publisher = {Wiley},
  year = {2004},
}
